% Encoding: UTF-8

@article{Chernoutsan,
  author  = {Черноуцан, А.~И.},
  title   = {Электромагнитная индукция и принцип относительности},
  journal = {Квант},
  year    = {1987},
  number  = {11},
  pages   = {39-41},
  url     = {http://www.physbook.ru/index.php/Kvant._Индукция_и_принцип_относительности}
}

@suppperiodical{AbiturPractElMag,
  editor     = {Можаев, В.~В. and Черноуцан, А.~И.},
  title      = {Электричество и магнетизм},
  journal    = {Приложение к журналу <<Квант>>},
  year       = {1994},
  number     = {5},
  publiser   = {Бюро <<Квантум>>},
  totalpages = {128},
  abstract   = {
                Книга представляет собой сборник статей по электричеству и  
                магнетизму, опубликованных в разные годы в журнале <<Квант>> в разделе 
                "Практикум абитуриента" по физике. Каждая статья -- как бы урок 
                по решению задач определенного типа, объединенных какой-либо 
                общей идеей. На разных примерах показывается, как надо  
                подходить к решению задач данного типа, как избежать ошибок и  
                ловушек, как проанализировать ответ и т. д. 
                Для учащихся и преподавателей средних школ, лицеев и гимназий, 
                для слушателей подготовительных отделений и курсов, а также для 
                всех тех, кто самостоятельно готовится к конкурскным экзаменам.   
                }
}

@article{Livshits,
  author  = {Лившиц, М.},
  title   = {Закон электромагнитной индукции или <<правило потока>>?},
  journal = {Квант},
  year    = {1998},
  number  = {3},
  pages   = {37-38},
  url     = {http://www.physbook.ru/index.php/Kvant._Правило_потока}
}  
    
@article{KikoinEDS,
  author  = {Кикоин, А.},
  title   = {Что такое э.д.с.?},
  journal = {Квант},
  year    = {1978},
  number  = {4},
  pages   = {42-47},
  url     = {http://kvant.mccme.ru/1978/04/chto_takoe_eds.htm}
}

@article{MurzinOhm,
  author  = {Мурзин, С. and Трунин, М. and Шовкун, Д.},
  title   = {За пределами закона Ома},
  journal = {Квант},
  year    = {1989},
  number  = {4},
  pages   = {2-8},
  url     = {http://www.physbook.ru/index.php/Kvant._За_пределами_закона_Ома}
}

@article{SmorodinskyOhm,
  author  = {Смородинский, Я.~А.},
  title   = {Закона Ома},
  journal = {Квант},
  year    = {1971},
  number  = {4},
  pages   = {8-13},
  url     = {http://kvant.mccme.ru/1971/04/zakon_oma.htm}
}
